@misc{service_manual,
    author = "M.B.K. Industrie",
    title = "{YQ50} {S}ervice {M}anual",
    year = "1997",
    howpublished = {\url{http://www.leertouwer.com/DB_FILES/productie/general/1_5_50/Handboek%20MH%20aerox.pdf}},
    publisher = "M.B.K. Industrie"
}